@article{Ashcroft2017,
author = {Ashcroft, James},
doi = {10.1016/j.ijsu.2017.02.066},
journal = {International Journal of Surgery},
pages = {200--201},
title = {{Response to: Students' participation in collaborative research should be recognised}},
volume = {40},
year = {2017},
}
@misc{BritishMedicalJournal2018,
author = {{British Medical Journal}},
title = {{Student British Medical Journal}},
url = {http://student.bmj.com},
year = {2018},
}
@misc{CambridgeMedicalJournal2018,
author = {{Cambridge Medicine Journal}},
title = {{Cambridge Medicine Journal}},
year = {2018},
url = {http://cambridgemedicine.org}
}
@misc{Chaffey2018,
author = {Chaffey, Dave},
journal = {Smart Insights},
title = {{Comparison of Google clickthrough rates by position}},
url = {https://www.smartinsights.com/search-engine-optimisation-seo/seo-analytics/comparison-of-google-clickthrough-rates-by-position/},
year = {2018},
}
@misc{GeneralMedicalCouncil2018,
author = {{General Medical Council}},
title = {Outcomes for graduates 2018},
url = {https://www.gmc-uk.org/-/media/documents/dc11326-outcomes-for-graduates-2018\_pdf-75040796.pdf},
year = {2018},
}
@article{Glasziou2016,
author = {Glasziou, Paul and Chalmers, Iain},
journal = {BMJ Blog},
year = {2016},
title = {{Is 85\,\% of health research really `wasted'?}},
url = {https://blogs.bmj.com/bmj/2016/01/14/paul-glasziou-and-iain-chalmers-is-85-of-health-research-really-wasted/},
}
@article{Glasziou2018,
author = {Paul Glasziou and Iain Chalmers},
journal = {BMJ},
year = {2018},
title = {{Research waste is still a scandal---an essay by Paul Glasziou and Iain Chalmers}},
doi = {10.1136/bmj.k4645}
}
@article{Griffin2011,
author = {Griffin, M. F. and Hindocha, S.},
doi = {10.3109/0142159X.2011.530320},
journal = {Medical Teacher},
number = {1},
pages = {e1--e8},
title = {{Publication practices of medical students at British medical schools: Experience, attitudes and barriers to publish}},
volume = {33},
year = {2011},
}
@misc{HealthEducationEngland2018,
author = {{Health Education England}},
title = {{PERSON SPECIFICATION 2019: CARDIOLOGY - ST3}},
url = {https://specialtytraining.hee.nhs.uk/portals/1/Content/Person Specifications/Cardiology/Cardiology ST3.pdf},
year = {2018},
}
@misc{HealthEducationEngland2018a,
author = {{Health Education England}},
title = {{PERSON SPECIFICATION 2019: CORE SURGICAL TRAINING - CT1}},
url = {https://specialtytraining.hee.nhs.uk/portals/1/Content/Person Specifications/Core Surgical Training/Core Surgical Training CT1.pdf},
year = {2018},
}
@misc{INSPIRE2018,
author = {{INSPIRE}},
title = {{INSPIRE Student Health Sciences Research Journal}},
url = {https://www.plymouth.ac.uk/your-university/about-us/university-structure/faculties/medicine-dentistry/journal},
year = {2018},
}
@misc{JournaloftheRoyalMedicalSociety2018,
author = {{Journal of the Royal Medical Society}},
title = {{Res Medica}},
url = {http://journals.ed.ac.uk/resmedica},
year = {2018},
}
@article{Lundin2016,
author = {Lundin, Robert M.},
journal = {Research Data Alliance},
title = {{RDA P7 ECP - Implementing RDA Recommendations in a Student Journal | RDA}},
url = {https://rd-alliance.org/blogs/rda-p7-ecp-implementing-rda-recommendations-student-journal.html},
year = {2016},
}
@misc{ManchesterMedicalJournal2018,
author = {{Manchester Medical Journal}},
title = {{Manchester Medical Journal}},
url = {https://mmj.openlibrary.manchester.ac.uk/index.php/mmj/index},
year = {2018},
}
@misc{NSAMR2018,
author = {{National Student Association of Medical Research}},
title = {{National Student Association of Medical Research}},
url = {https://nsamr.ac.uk},
year = {2018},
}
@article{Oosterhaven2015,
author = {Oosterhaven, Jan},
doi = {10.1007/s11192-015-1527-4},
journal = {Scientometrics},
number = {1},
pages = {261--265},
title = {{Too many journals? Towards a theory of repeated rejections and ultimate acceptance}},
volume = {103},
year = {2015},
}
@misc{PMCUSNationalLibraryofMedicineNationalInstitutesofHealth2018,
author = {{PMC: US National Library of Medicine National Institutes of Health}},
title = {{How to Participate in PMC}},
url = {https://www.ncbi.nlm.nih.gov/pmc/pub/addjournal/},
year = {2018},
}
@misc{ScottishUniversitiesMedicalJournal2014,
author = {{Scottish Universities Medical Journal}},
title = {{Scottish Universities Medical Journal}},
url = {http://sumj.dundee.ac.uk/},
year = {2014},
}
@misc{STARSurg2018,
author = {{STARSurg}},
title = {{The Student Audit and Research in Surgery (STARSurg) collaborative}},
url = {https://starsurg.org/},
year = {2018},
}
@misc{TheAcademyofMedicalSciences2018,
author = {{The Academy of Medical Sciences}},
title = {{INSPIRE}},
url = {{https://acmedsci.ac.uk/grants-and-schemes/mentoring-and-other-schemes/INSPIRE}},
year = {2018},
}
@misc{TheBritishStudentDoctorJournal2018,
author = {{The British Student Doctor Journal}},
title = {{The British Student Doctor Journal}},
url = {https://www.bsdj.org.uk/},
year = {2018}
}
@misc{UKFoundationProgramme2018,
author = {{UK Foundation Programme}},
title = {{UKFP 2019 Applicants' Handbook}},
url = {{http://www.foundationprogramme.nhs.uk/sites/default/files/2018-07/Applicants Handbook.pdf}},
year = {2018},
}